<?xml version="1.0" encoding="UTF-8"?><record xmlns="http://www.loc.gov/MARC21/slim" xmlns:cinclude="http://apache.org/cocoon/include/1.0" xmlns:zs="http://www.loc.gov/zing/srw/">
  <leader>00468nz  a2200145n  4500</leader>
  <controlfield tag="001">no2003058314</controlfield>
  <controlfield tag="003">DLC</controlfield>
  <controlfield tag="005">20030613052433.0</controlfield>
  <controlfield tag="008">030612n| acannaabn          |n aaa     c</controlfield>
  <datafield tag="010" ind1=" " ind2=" ">
    <subfield code="a">no2003058314</subfield>
  </datafield>
  <datafield tag="035" ind1=" " ind2=" ">
    <subfield code="a">(OCoLC)oca06073874</subfield>
  </datafield>
  <datafield tag="040" ind1=" " ind2=" ">
    <subfield code="a">CU-S</subfield>
    <subfield code="b">eng</subfield>
    <subfield code="c">CU-S</subfield>
  </datafield>
  <datafield tag="100" ind1="1" ind2=" ">
    <subfield code="a">Ushigusa, Kenkichi</subfield>
  </datafield>
  <datafield tag="670" ind1=" " ind2=" ">
    <subfield code="a">Solution exploration of plasma initiation and current ramp-up scenario in A-SSTR, 2000:</subfield>
    <subfield code="b">t.p. (K. Ushigusa)</subfield>
  </datafield>
  <datafield tag="670" ind1=" " ind2=" ">
    <subfield code="a">OCLC, June 12, 2003</subfield>
    <subfield code="b">(hdg.: Ushigusa, Kenkichi)</subfield>
  </datafield>
</record>